@article{di2006uwb,
  title={UWB communication systems: a comprehensive overview},
  author={Di Benedetto, Maria-Gabriella},
  year={2006},
  publisher={Hindawi Publishing Corporation}
}

@misc{aps, title={Apple Platform Security}, url={https://support.apple.com/en-gb/guide/security/welcome/web}, author={Apple}, year={2022}, month=may, language={en} }


@ARTICLE{5394030,
  author={Karapistoli, Eirini and Pavlidou, Fotini-Niovi and Gragopoulos, Ioannis and Tsetsinas, Ioannis},
  journal={IEEE Communications Magazine}, 
  title={An overview of the IEEE 802.15.4a Standard}, 
  year={2010},
  volume={48},
  number={1},
  pages={47-53},
  doi={10.1109/MCOM.2010.5394030}}

@article{whocanfind,
  author       = {Alexander Heinrich and
                  Milan Stute and
                  Tim Kornhuber and
                  Matthias Hollick},
  title        = {Who Can Find My Devices? Security and Privacy of Apple's Crowd-Sourced
                  Bluetooth Location Tracking System},
  journal      = {CoRR},
  volume       = {abs/2103.02282},
  year         = {2021},
  url          = {https://arxiv.org/abs/2103.02282},
  eprinttype    = {arXiv},
  eprint       = {2103.02282},
  timestamp    = {Thu, 04 Mar 2021 17:00:40 +0100},
  biburl       = {https://dblp.org/rec/journals/corr/abs-2103-02282.bib},
  bibsource    = {dblp computer science bibliography, https://dblp.org}
}

@misc{gadget, title={MFi Program - create accessories that communicate with Apple devices using MFi technologies and components}, url={https://mfi.apple.com/}, author={Apple Inc. All rights reserved}, year={2023}, language={en} }

@misc{OBoyle_2021, title={What is Precision Finding on AirTags and how does it work?}, url={https://www.pocket-lint.com/phones/news/apple/156605-what-is-precision-finding-on-apple-airtags-and-how-does-it-work/}, journal={Pocket-lint}, author={O'Boyle, Britta}, year={2021}, month=nov, language={en} }

@article{Clover_2022, title={Find my App: Everything to Know}, url={https://www.macrumors.com/guide/find-my/}, journal={MacRumors}, author={Clover, Juli}, year={2022}, month=feb, language={en-US} }

@misc{Itani_2021, title={How are iPhones still findable even when turned off}, url={https://www.xda-developers.com/iphone-findable-turned-off/#:~:text=Most%20time%2C%20U1%20is%20on,the%20connected%20device%20via%20Bluetooth.}, journal={XDA Developers}, author={Itani, Mahmoud}, year={2021}, month=oct, language={en} }

@misc{Mayo_2021, title={iOS 15: Find My network can still find your iPhone when it is powered off, or factory reset - 9to5Mac}, url={https://9to5mac.com/2021/06/07/ios-15-find-my-network-can-find-your-iphone-when-it-is-powered-off/}, journal={9to5Mac}, author={Mayo, Benjamin}, year={2021}, month=jun, language={en-US} }

@inproceedings{ec,
  title={Use of elliptic curves in cryptography},
  author={Miller, Victor S},
  booktitle={Conference on the theory and application of cryptographic techniques},
  pages={417--426},
  year={1985},
  organization={Springer}
}

@misc{ANSI, url={https://csrc.nist.gov/CSRC/media/Events/Key-Management-Workshop-2000/documents/x963_overview.pdf}, language={en} }

@inproceedings{sha,
  title={Security analysis of SHA-256 and sisters},
  author={Gilbert, Henri and Handschuh, Helena},
  booktitle={International workshop on selected areas in cryptography},
  pages={175--193},
  year={2003},
  organization={Springer}
}

@inproceedings{gcm,
  title={Faster and timing-attack resistant AES-GCM},
  author={K{\"a}sper, Emilia and Schwabe, Peter},
  booktitle={International Workshop on Cryptographic Hardware and Embedded Systems},
  pages={1--17},
  year={2009},
  organization={Springer}
}

@inproceedings{airguard,
  title={AirGuard-protecting android users from stalking attacks by apple find my devices},
  author={Heinrich, Alexander and Bittner, Niklas and Hollick, Matthias},
  booktitle={Proceedings of the 15th ACM Conference on Security and Privacy in Wireless and Mobile Networks},
  pages={26--38},
  year={2022}
}

@misc{reverse, title={Apple AirTag Reverse Engineering - Adam Catley}, url={https://adamcatley.com/AirTag.html#pcb-overview}, author={Catley, Adam}, language={en} }

@online{nordicsemi,
  author = {Nordic Semiconductor},
  title = {{Nordic Semiconductor Infocenter}},
  year = {s.d.},
  url = {https://infocenter.nordicsemi.com/index.jsp?topic=%2Fps_nrf52833%2Fdif.html&anchor=concept_udr_mns_1s}
}

@online{side,
  author = {Limited Results},
  title = {{nRF52 Debug Resurrection: Approtect Bypass}},
  year = {2020},
  month = {June},
  url = {https://limitedresults.com/2020/06/nrf52-debug-resurrection-approtect-bypass/}
}

@online{tweet,
  author = {Ghidra Ninja},
  title = {{Tweet by Ghidra Ninja}},
  year = {2021},
  month = {May},
  day = {7},
  url = {https://twitter.com/ghidraninja/status/1390619216823390208}
}

@online{server,
  author = {Moren, Dan},
  title = {The Fine Print on Apple's AirTags},
  year = {2021},
  month = {April},
  day = {20},
  url = {https://daringfireball.net/linked/2021/04/20/moren-fine-print}
}

@online{telecomando,
  author = {Adam Catley},
  title = {Tweet by Adam Catley},
  year = {2021},
  month = {May},
  day = {14},
  url = {https://twitter.com/adamcatley/status/1393171134489808896}
}

@article{Coppens2022,
   title={An Overview of UWB Standards and Organizations (IEEE 802.15.4, FiRa, Apple): Interoperability Aspects and Future Research Directions},
   volume={10},
   ISSN={2169-3536},
   url={http://dx.doi.org/10.1109/ACCESS.2022.3187410},
   DOI={10.1109/access.2022.3187410},
   journal={IEEE Access},
   publisher={Institute of Electrical and Electronics Engineers (IEEE)},
   author={Coppens, Dieter and Shahid, Adnan and Lemey, Sam and Van Herbruggen, Ben and Marshall, Chris and De Poorter, Eli},
   year={2022},
   pages={70219-70241} }